@inproceedings{xu2018,
  author = {Xu, Yumo and Cohen, William W.},
  title = {Stock Movement Prediction from Tweets and Historical Prices},
  booktitle = {Proceedings of the 56th Annual Meeting of the Association for Computational Linguistics},
  year = {2018}
}
@article{ding2015,
  author = {Ding, Xiaowu and Zhang, Yue and Liu, Ting and Duan, Jun},
  title = {Deep Learning for Event-Driven Stock Prediction},
  journal = {IJCAI},
  year = {2015}
}
@article{wu2023,
  author = {Wu, Y. and Zhang, J. and Li, Y.},
  title = {A hybrid stock market prediction model based on GNG and reinforcement learning},
  journal = {Expert Systems with Applications},
  year = {2023}
}
